@Article{Huffaker1970,
  author    = {R. M. Huffaker},
  journal   = {Applied Optics},
  title     = {Laser Doppler Detection Systems for Gas Velocity Measurement},
  year      = {1970},
  month     = {may},
  number    = {5},
  pages     = {1026},
  volume    = {9},
  doi       = {10.1364/ao.9.001026},
  publisher = {The Optical Society},
}

@Article{Pitz1996,
  author    = {Robert W. Pitz and Peter A. DeBarber and Michael S. Brown and Thomas M. Brown and Sastri P. Nandula and Jeffrey Segall and Patricia A. Skaggs},
  journal   = {Optics Letters},
  title     = {Unseeded velocity measurement by ozone tagging velocimetry},
  year      = {1996},
  month     = {may},
  number    = {10},
  pages     = {755},
  volume    = {21},
  doi       = {10.1364/ol.21.000755},
  publisher = {The Optical Society},
}

@Book{Baker2004,
  author    = {Baker, Roger C.},
  publisher = {ASME},
  title     = {Introductory Guide to Flow Measurement},
  year      = {2004},
  isbn      = {0791801985},
  date      = {2004-04-01},
  ean       = {9780791801987},
  pagetotal = {161},
  url       = {https://www.ebook.de/de/product/9340748/roger_c_baker_introductory_guide_to_flow_measurement.html},
}

@Article{Inagaki2013,
  author    = {Atsushi Inagaki and Manabu Kanda and Shiho Onomura and Hideaki Kumemura},
  journal   = {Boundary-Layer Meteorology},
  title     = {Thermal Image Velocimetry},
  year      = {2013},
  month     = {jun},
  number    = {1},
  pages     = {1--18},
  volume    = {149},
  doi       = {10.1007/s10546-013-9832-z},
  publisher = {Springer Science and Business Media {LLC}},
}

@Article{Fu2016,
  author    = {M K Fu and Y Fan and C P Byers and T-H Chen and C B Arnold and M Hultmark},
  journal   = {Measurement Science and Technology},
  title     = {Elastic filament velocimetry ({EFV})},
  year      = {2016},
  month     = {dec},
  number    = {2},
  pages     = {025301},
  volume    = {28},
  doi       = {10.1088/1361-6501/28/2/025301},
  publisher = {{IOP} Publishing},
}

@Article{Schneiders2018,
  author    = {Jan F G Schneiders and Fulvio Scarano and Constantin Jux and Andrea Sciacchitano},
  journal   = {Measurement Science and Technology},
  title     = {Coaxial volumetric velocimetry},
  year      = {2018},
  month     = {apr},
  number    = {6},
  pages     = {065201},
  volume    = {29},
  doi       = {10.1088/1361-6501/aab07d},
  publisher = {{IOP} Publishing},
}

@Article{Watmuff2010,
  author = {Watmuff, Jon and Jones, M and Valiyff, A},
  title  = {Implementation of Hot-wire Anemometry at DSTO for High-Subsonic and Transonic Mach number applications},
  year   = {2010},
  month  = {01},
}

@Article{Hinsch2002,
  author    = {K D Hinsch},
  journal   = {Measurement Science and Technology},
  title     = {Holographic particle image velocimetry},
  year      = {2002},
  month     = {jun},
  number    = {7},
  pages     = {R61--R72},
  volume    = {13},
  publisher = {{IOP} Publishing},
  url       = {https://doi.org/10.1088},
}

@Article{Fahringer2015,
  author    = {Timothy W Fahringer and Kyle P Lynch and Brian S Thurow},
  journal   = {Measurement Science and Technology},
  title     = {Volumetric particle image velocimetry with a single plenoptic camera},
  year      = {2015},
  month     = {sep},
  number    = {11},
  pages     = {115201},
  volume    = {26},
  doi       = {10.1088/0957-0233/26/11/115201},
  publisher = {{IOP} Publishing},
}

@Article{Discetti2018,
  author    = {Stefano Discetti and Filippo Coletti},
  journal   = {Measurement Science and Technology},
  title     = {Volumetric velocimetry for fluid flows},
  year      = {2018},
  month     = {mar},
  number    = {4},
  pages     = {042001},
  volume    = {29},
  doi       = {10.1088/1361-6501/aaa571},
  publisher = {{IOP} Publishing},
}

@Book{Bruun1995,
  author    = {Bruun, H. H.},
  publisher = {Oxford University Press},
  title     = {Hot wire anemometry : principles and signal analysis},
  year      = {1995},
  address   = {Oxford New York},
  isbn      = {0198563426},
}

@Book{Morkowin1956,
  author    = {M. Morkowin},
  publisher = {The Johns Hopkins University},
  title     = {Fluctuations and hot-wire anemometry in compresible flows},
  year      = {1956},
}

@Book{Raffel2007,
  author    = {Markus Raffel and Christian E. Willert and Steve T. Wereley and Jürgen Kompenhans},
  publisher = {Springer Berlin Heidelberg},
  title     = {Particle Image Velocimetry},
  year      = {2007},
  doi       = {10.1007/978-3-540-72308-0},
}

@Book{Noye1987,
  author    = {Noye, John},
  publisher = {North-Holland Sole distributors for the U.S.A. and Canada, Elsevier Science Pub. Co},
  title     = {Numerical modelling : applications to marine systems},
  year      = {1987},
  address   = {Amsterdam New York New York, N.Y., U.S.A},
  isbn      = {0444703055},
}

@Article{Elsinga2006,
  author    = {G. E. Elsinga and F. Scarano and B. Wieneke and B. W. van Oudheusden},
  journal   = {Experiments in Fluids},
  title     = {Tomographic particle image velocimetry},
  year      = {2006},
  month     = {oct},
  number    = {6},
  pages     = {933--947},
  volume    = {41},
  doi       = {10.1007/s00348-006-0212-z},
  publisher = {Springer Science and Business Media {LLC}},
}

@Article{Bruecker1995,
  author    = {Ch. Brücker},
  journal   = {Experiments in Fluids},
  title     = {Digital-Particle-Image-Velocimetry ({DPIV}) in a scanning light-sheet: 3D starting flow around a short cylinder},
  year      = {1995},
  month     = {aug},
  number    = {4},
  pages     = {255--263},
  volume    = {19},
  doi       = {10.1007/bf00196474},
  publisher = {Springer Science and Business Media {LLC}},
}

@Article{Katz2010,
  author    = {Joseph Katz and Jian Sheng},
  journal   = {Annual Review of Fluid Mechanics},
  title     = {Applications of Holography in Fluid Mechanics and Particle Dynamics},
  year      = {2010},
  month     = {jan},
  number    = {1},
  pages     = {531--555},
  volume    = {42},
  doi       = {10.1146/annurev-fluid-121108-145508},
  publisher = {Annual Reviews},
}

@Book{Nozicka2005,
  author    = {Nožička, Jiří},
  publisher = {Česká technika - nakladatelství ČVUT},
  title     = {Dynamika plynu},
  year      = {2005},
  address   = {Praha},
  isbn      = {9788001033005},
}

@Book{Nozicka2001,
  author    = {Nožička, Jiří},
  publisher = {České vysoké učení technicke},
  title     = {Základy termomechaniky},
  year      = {2001},
  address   = {Praha},
  isbn      = {9788001024096},
}

@InCollection{Kurganov2011,
  author    = {V. A. Kurganov},
  booktitle = {A-to-Z Guide to Thermodynamics, Heat and Mass Transfer, and Fluids Engineering},
  publisher = {Begellhouse},
  title     = {{Adiabatic} {wall} {temperature}},
  year      = {2011},
  doi       = {10.1615/atoz.a.adiabatic_wall_temperature},
}

@Article{Leontiev2017,
  author    = {Alexander Leontiev and Sergey Popovich and Mark Strongin and Yurii Vinogradov},
  journal   = {{EPJ} Web of Conferences},
  title     = {Adiabatic wall temperature and heat transfer coefficient influenced by separated supersonic flow},
  year      = {2017},
  pages     = {00030},
  volume    = {159},
  doi       = {10.1051/epjconf/201715900030},
  editor    = {D. Markovich and D. Zaitsev and A. Semenov},
  publisher = {{EDP} Sciences},
}

@Article{Hirschberg1977,
  author    = {A. Hirschberg and J.C. Van Muiswinkel},
  journal   = {International Journal of Heat and Mass Transfer},
  title     = {A correlation of recovery temperature data for cylinders in a compressible flow at high reynolds numbers},
  year      = {1977},
  month     = {jun},
  number    = {6},
  pages     = {669--674},
  volume    = {20},
  doi       = {10.1016/0017-9310(77)90054-0},
  publisher = {Elsevier {BV}},
}

@InCollection{Shires,
  author    = {G. L. Shires},
  booktitle = {A-to-Z Guide to Thermodynamics, Heat and Mass Transfer, and Fluids Engineering},
  publisher = {Begellhouse},
  title     = {{Prandtl} {number}},
  doi       = {10.1615/atoz.p.prandtl_number},
}

@Article{Stalder1950,
  author = {Stalder, Jackson R and Rubesin, Morris W and Tendeland, Thorval},
  title  = {A determination of the laminar-, transitional-, and turbulent-boundary-layer temperature-recovery factors on a flat plate in supersonic flow},
  year   = {1950},
}

@Article{Ishibashi2012,
  author    = {Masahiro Ishibashi and Toshihiro Morioka},
  journal   = {Flow Measurement and Instrumentation},
  title     = {Velocity field measurements in critical nozzles using Recovery Temperature Anemometry ({RTA})},
  year      = {2012},
  month     = {jun},
  pages     = {15--25},
  volume    = {25},
  doi       = {10.1016/j.flowmeasinst.2011.10.005},
  publisher = {Elsevier {BV}},
}

@Article{Ishibashi2004,
  author    = {Masahiro Ishibashi},
  journal   = {Transactions of the Society of Instrument and Control Engineers},
  title     = {Probe {RTA} (Recovery Temperature Anemometry)},
  year      = {2004},
  number    = {12},
  pages     = {1163--1169},
  volume    = {40},
  doi       = {10.9746/sicetr1965.40.1163},
  publisher = {The Society of Instrument and Control Engineers},
}

@Article{McAdams1945,
  author = {McAdams, William H and Nicolai, Lloyd A and Keenan, Joseph H},
  title  = {Measurements of recovery factors and coefficients of heat transfer in a tube for subsonic flow of air},
  year   = {1945},
}

@Article{Villafane2013,
  author    = {Laura Villafa{\~{n}}e and Guillermo Paniagua},
  journal   = {International Journal of Thermal Sciences},
  title     = {Aero-thermal analysis of shielded fine wire thermocouple probes},
  year      = {2013},
  month     = {mar},
  pages     = {214--223},
  volume    = {65},
  doi       = {10.1016/j.ijthermalsci.2012.10.025},
  publisher = {Elsevier {BV}},
}

@InCollection{Morris2016,
  author    = {Alan S. Morris and Reza Langari},
  booktitle = {Measurement and Instrumentation},
  publisher = {Elsevier},
  title     = {Flow Measurement},
  year      = {2016},
  pages     = {493--529},
  doi       = {10.1016/b978-0-12-800884-3.00016-2},
}

@InCollection{Legg2017,
  author    = {Roger Legg},
  booktitle = {Air Conditioning System Design},
  publisher = {Elsevier},
  title     = {Fluid Flow: General Principles},
  year      = {2017},
  pages     = {225--257},
  doi       = {10.1016/b978-0-08-101123-2.00013-3},
}

@InCollection{Russo2011,
  author    = {Giuseppe P. Russo},
  booktitle = {Aerodynamic Measurements},
  publisher = {Elsevier},
  title     = {Velocity and mass flow by pressure measurements},
  year      = {2011},
  pages     = {25--65},
  doi       = {10.1533/9780857093868.25},
}

@InCollection{Bird1993,
  author    = {J O Bird and P J Chivers},
  booktitle = {Newnes Engineering and Physical Science Pocket Book},
  publisher = {Elsevier},
  title     = {Measurement of fluid flow},
  year      = {1993},
  pages     = {370--381},
  doi       = {10.1016/b978-0-7506-1683-6.50052-7},
}

@Article{Schmirler2021,
  author    = {Michal Schmirler and Josef Krubner},
  journal   = {Thermal Science and Engineering Progress},
  title     = {Double probe recovery temperature Anemometry},
  year      = {2021},
  month     = {jun},
  pages     = {100875},
  volume    = {23},
  doi       = {10.1016/j.tsep.2021.100875},
  publisher = {Elsevier {BV}},
}

@Article{Ansys2020Theory,
  author = {Ansys},
  title  = {Fluent Theory Guide},
  year   = {2020},
}

@Article{Ansys2020User,
  author = {Ansys},
  title  = {Fluent User's Guide},
  year   = {2020},
}

@Article{Sosnowski2018,
  author    = {Marcin Sosnowski and Jaroslaw Krzywanski and Karolina Grabowska and Renata Gnatowska},
  journal   = {{EPJ} Web of Conferences},
  title     = {Polyhedral meshing in numerical analysis of conjugate heat transfer},
  year      = {2018},
  pages     = {02096},
  volume    = {180},
  doi       = {10.1051/epjconf/201818002096},
  editor    = {P. Dan{\v{c}}ov{\'{a}}},
  publisher = {{EDP} Sciences},
}

@Book{Shapiro1954,
  author    = {Shapiro, Ascher H.},
  publisher = {John Wiley & Sons},
  title     = {Dynamics of Thermodynamics and Compressible Fluid},
  year      = {1954},
  isbn      = {9780471068457},
  pages     = {647},
}

@Article{Morgan1976,
  author    = {Roger J. Morgan and James E. O{\textquotesingle}Neal},
  journal   = {Journal of Polymer Science: Polymer Physics Edition},
  title     = {The relationship between the physical structure and the mechanical properties of polycarbonate},
  year      = {1976},
  month     = {jun},
  number    = {6},
  pages     = {1053--1076},
  volume    = {14},
  doi       = {10.1002/pol.1976.180140609},
  publisher = {Wiley},
}

@Article{Menter1993,
  author    = {F. Menter},
  title     = {Zonal Two Equation k-w Turbulence Models For Aerodynamic Flows},
  year      = {1993},
  month     = {jul},
  booktitle = {23rd Fluid Dynamics, Plasmadynamics, and Lasers Conference},
  doi       = {10.2514/6.1993-2906},
  publisher = {American Institute of Aeronautics and Astronautics},
}

@Article{Menter1994,
  author    = {F. R. Menter},
  journal   = {{AIAA} Journal},
  title     = {Two-equation eddy-viscosity turbulence models for engineering applications},
  year      = {1994},
  month     = {aug},
  number    = {8},
  pages     = {1598--1605},
  volume    = {32},
  doi       = {10.2514/3.12149},
  publisher = {American Institute of Aeronautics and Astronautics ({AIAA})},
}

@Article{East1967,
  author  = {R A East and J H Perry},
  journal = {Aeronautical Research Council Current Papers},
  title   = {A short time response stagnation temperature probe},
  year    = {1967},
}

@Article{Massini2010,
  author  = {Michela Massini and Robert J Miller and Howard P Hodson and Nick Collings},
  journal = {Proceedings of ASME Turbo Expo 2010: Power for Land, Sea and Air},
  title   = {A Novel Technique for Measuring Stagnation Quantities and Gas Composition in High Temperature Flows},
  year    = {2010},
}

@Article{Sedlak2018,
  author    = {Kamil Sedl{\'{a}}k and Lenka Fialov{\'{a}}},
  journal   = {{MATEC} Web of Conferences},
  title     = {Temperature measurement in the flowing medium},
  year      = {2018},
  pages     = {01002},
  volume    = {168},
  doi       = {10.1051/matecconf/201816801002},
  editor    = {M. Malcho and J. Janda{\v{c}}ka and R. Lenhard and K. Kaduchov{\'{a}} and R. Nosek and L. Orman and A. {\v{C}}aja and P. {\v{D}}ur{\v{c}}ansk{\'{y}} and M. Holub{\v{c}}{\'{\i}}k and M. Patsch and P. Pil{\'{a}}t and P. Nemec},
  publisher = {{EDP} Sciences},
}

@Article{Bonham2013,
  author    = {C Bonham and S J Thorpe and M N Erlund and R D Stevenson},
  journal   = {Measurement Science and Technology},
  title     = {Stagnation temperature measurement using thin-film platinum resistance sensors},
  year      = {2013},
  month     = {nov},
  number    = {1},
  pages     = {015101},
  volume    = {25},
  doi       = {10.1088/0957-0233/25/1/015101},
  publisher = {{IOP} Publishing},
}

@Article{Parker2022,
  author    = {Mark J. Parker and Benjamin Jentz and Nolan Dyck and Anthony G. Straatman},
  journal   = {Flow Measurement and Instrumentation},
  title     = {On the measurement of temperature and recovery factor in high-speed subsonic duct flow},
  year      = {2022},
  month     = {mar},
  pages     = {102090},
  volume    = {83},
  doi       = {10.1016/j.flowmeasinst.2021.102090},
  publisher = {Elsevier {BV}},
}

@Article{Panda2004,
  author  = {J Panda and R G Swasholtz},
  journal = {NASA/TM—2004-212391},
  title   = {Velocity and Temperature Measurementin Supersonic Free Jets Using SpectrallyResolved Rayleigh Scattering},
  year    = {2004},
}

@Article{Wernet2021,
  author    = {Mark P. Wernet and Nicholas J. Georgiadis and Randy J. Locke},
  journal   = {Experiments in Fluids},
  title     = {Raman temperature and density measurements in supersonic jets},
  year      = {2021},
  month     = {mar},
  number    = {3},
  volume    = {62},
  doi       = {10.1007/s00348-021-03162-2},
  publisher = {Springer Science and Business Media {LLC}},
}

@InCollection{Wiley2019,
  author    = {John Wiley},
  booktitle = {Applied Gas Dynamics},
  publisher = {John Wiley {\&} Sons, Ltd},
  title     = {Measurements in Compressible Flow},
  year      = {2019},
  month     = {feb},
  pages     = {329--394},
  doi       = {10.1002/9781119500377.ch10},
}

@TechReport{Lindsey1942,
  author      = {W. F. Lindsey},
  institution = {Langley Memorial Aeronautical Laboratory},
  title       = {Calibration of Three Temperature Probes and a Pressure Probe at High Speeds},
  year        = {1942},
}

@Article{Leontiev2017a,
  author    = {A. I. Leontiev and V. G. Lushchik and M. S. Makarova},
  journal   = {High Temperature},
  title     = {The temperature recovery factor in a boundary layer on a permeable plate},
  year      = {2017},
  month     = {mar},
  number    = {2},
  pages     = {246--252},
  volume    = {55},
  doi       = {10.1134/s0018151x17020080},
  publisher = {Pleiades Publishing Ltd},
}

@InCollection{Houghton2013,
  author    = {E.L. Houghton and P.W. Carpenter and Steven H. Collicott and Daniel T. Valentine},
  booktitle = {Aerodynamics for Engineering Students},
  publisher = {Elsevier},
  title     = {Fundamental Equations of Fluid Mechanics},
  year      = {2013},
  pages     = {69--147},
  doi       = {10.1016/b978-0-08-096632-8.00002-3},
}

@Comment{jabref-meta: databaseType:bibtex;}
